%% This BibTeX bibliography file was created using BibDesk.
%% http://bibdesk.sourceforge.net/


%% Created for Giuseppe Durisi at 2014-12-25 18:08:30 +0100 


%% Saved with string encoding Unicode (UTF-8) 


@string{bstj = {Bell Syst. Tech. J.}}

@string{ciss = {Conf. Inf. Sci. and Syst. (CISS)}}

@string{infcontr = {Inf. Contr.}}

@string{isit = {IEEE Int. Symp. Inf. Theory (ISIT)}}

@string{j_ppi = {Prob. Peredachi Inform.}}


@article{yang14-07a,
	Author = {Yang, W. and Durisi, G. and Koch, T. and Polyanskiy, Y.},
	Date-Added = {2014-12-19 13:01:53 +0000},
	Date-Modified = {2014-12-19 13:01:53 +0000},
	Journal = IEEE_J_IT,
	Month = Jul,
	Number = {7},
	Owner = {ywei},
	Pages = {4232--4265},
	Timestamp = {2013.11.11},
	Title = {Quasi-Static Multiple-Antenna fading channels at finite blocklength},
	Volume = {60},
	Year = {2014}}

@article{durisi14-12a,
	Author = {Giuseppe Durisi and Tobias Koch and Johan \"{O}stman and Yury Polyanskiy and Wei Yang},
	Date-Added = {2014-12-09 14:07:56 +0000},
	Date-Modified = {2014-12-25 17:08:30 +0000},
	Journal = {{IEEE} Trans. Commun.},
	Keywords = {giuseppe},
	Month = dec,
	Note = {submitted for publication},
	Title = {Short-Packet Communications with Multiple Antennas: Transmit Diversity, Spatial Multiplexing, and Channel Estimation Overhead},
	Url = {http://arxiv.org/abs/1412.7512},
	Year = {2014}}

@article{PPV08,
	Author = {Y. Polyanskiy and H.~V.~Poor and Sergio Verd\'u},
	Journal = IEEE_J_IT,
	Month = may,
	Number = 5,
	Pages = {2307--2359},
	Title = {Channel coding rate in the finite blocklength regime},
	Volume = 56,
	Year = 2010}

@article{PPV10eneff,
	Author = {Y. Polyanskiy and H.~V.~Poor and Sergio Verd\'u},
	Journal = IEEE_J_IT,
	Month = aug,
	Number = 8,
	Pages = {4880--4902},
	Title = {Minimum energy to send $k$ bits with and without feedback},
	Volume = 57,
	Year = 2011}
